@misc{
  onThe(Im)possibility,
  author = "Barak, Boaz and Goldreich, Oded and Impagliazzo, Russell and Rudich, Steven and Sahai, Amit and Vadhan, Salil and Yang, Ke",
  url = "http://citeseerx.ist.psu.edu/viewdoc/download?rep=rep1&type=pdf&doi=10.1.1.111.8717",
  year = "2007",
  title = "On the (Im)possibility of Obfuscating Programs"
}
